@manual{AP01,
  url = {https://moodle.tu-dortmund.de/pluginfile.php/1587045/mod_resource/content/1/V103.pdf},
  title = {Versuchsanleitung zu Versuch Nr. 103 Biegung elastischer Stäbe},
  year  = 2021,
  organization = {Fakultät Physik, TU Dortmund},
}