@manual{AP01,
  author = {TU Dortmund},
  title = {Versuchsanleitung zu Versuch 504 Thermische Elektronentransmission},
  year = 2021
}
