@book{buch,
  title = {test},
  subtitle = {test},
  author = {test},
  year = {test},
  isbn = {test},
  publisher = {test},
  }
