@manual{AP01,
  url = {https://moodle.tu-dortmund.de/pluginfile.php/1493257/mod_resource/content/2/V500.pdf},
  title = {Versuchsanleitung zu Versuch Nr. 500 Der Photoeffekt},
  year  = 2021,
  organization = {Fakult√§t Physik, TU Dortmund},
}
@online{AP02,
  url = {http://hydrogen.physik.uni-wuppertal.de/hyperphysics/hyperphysics/hbase/quantum/atspect2.html},
  urldate = {2021-06-28},
  title = {Atomspektren: Das Quecksilberatom},
  year = {2021},
}
