@manual{sample,
  author = {TU Dortmund},
  title = {Versuchsanleitung zu Versuch US3 Doppler-Sonographie},
  year = 2021
}
