@manual{AP01,
  author = {TU Dortmund},
  title = {Versuchsanleitung zu Versuch Nr.354 Ged√§mpfte und erzwungene Schwingungen},
  year = 2021
}
