@manual{AP01,
  title = {Versuchsanleitung zu Versuch Nr. 703 Das Geiger-Müller-Zählrohr},
  year  = 2020,
  organization = {Fakultät Physik, TU Dortmund},
  }
@manual{AP02,
  title = {Daten und Hinweise zu Versuch Nr. 703 Das Geiger-Müller-Zählrohr},
  year  = 2020,
  organization = {Fakultät Physik, TU Dortmund},
  }
