@manual{AP01,
  title = {Versuchsanleitung zu Versuch Nr. 500 Der Photoeffekt},
  year  = 2021,
  organization = {Fakult채t Physik, TU Dortmund},
}
@online{AP02,
  url     = {https://www.uni-bremen.de/fileadmin/user_upload/fachbereiche/fb1/fb1/Physika/Versuche/Atomphysik/Anleitung/a3_photoeffekt_05_12_13.pdf},
  urldate = {2021-08-26},
  title   = {Photoeffekt(A3)},
  organization = {Physikalische Praktika, Universit채t Bremen},
}
@manual{AP03,
  author = {TU Dortmund},
  title = {Versuchsanleitung zu Versuch Nr. 601 Der Franck-Hertz-Versuch},
  year = 2021,
  organization = {Fakult채t Physik, TU Dortmund},
}
@manual{AP04,
  author = {TU Dortmund},
  title = {Versuchsanleitung zu Versuch Nr. 702 Aktivierung mit Neutronen},
  year = 2021,
  organization = {Fakult채t Physik, TU Dortmund},
}