@manual{AP01,
  title = {Versuchsanleitung zu Versuch Nr. 302 Elektrische Brückenschaltungen},
  year  = 2021,
  organization = {Fakultät Physik, TU Dortmund},
}