@manual{AP01,
  author = {TU Dortmund},
  title = {Versuchsanleitung zu Versuch 601 Der Franck-Hertz-Versuch},
  year = 2021
}
@online{chemie.de,
  url     = {https://www.chemie.de/lexikon/Franck-Hertz-Versuch.html},
  urldate = {2021-05-27},
  title   = {Der Franck-Hertz Versuch},
}
