@manual{sample,
  author = {TU Dortmund},
  title = {Versuchanleitung zu Versuch Nr. 406 Beugung am Spalt},
  year = 2021
}
