@manual{AP01,
  title = {Versuchsanleitung zu Versuch Nr. 311 Hall-Effekt und Elektrizitätsleitung bei Metallen},
  year  = 2020,
  organization = {Fakultät Physik, TU Dortmund},
  }
