@manual{AP01,
  title = {Versuchsanleitung zu Versuch Nr. 206  Die Wärmepumpe},
  year  = 2020,
  organization = {Fakultät Physik, TU Dortmund},
  }
@manual{AP02,
  title = {Daten und Hinweise zu Versuch Nr. 206  Die Wärmepumpe},
  year  = 2020,
  organization = {Fakultät Physik, TU Dortmund},
  }
@manual{AP03,
  title = {Versuchsanleitung zu Versuch Nr. 203 Verdampfungswärme und Dampfdruckkurve},
  year  = 2020,
  organization = {Fakultät Physik, TU Dortmund},
  }
@manual{AP04,
  title = {Formelsammlung zur Berechnung von Messunsicherheiten},
  year  = 2020,
  organization = {Fakultät Physik, TU Dortmund},
  }
