@manual{AP01,
  title = {Versuchsanleitung zu Versuch Nr. 602 Röntgenemission und -absorption},
  year  = 2021,
  organization = {Fakultät Physik, TU Dortmund},
}
@manual{AP02,
  title = {Messdaten und Hinweise zum Versuch Röntgenemission und -absorption},
  year  = 2021,
  organization = {Fakultät Physik, TU Dortmund},
}
@online{AP03,
url = {https://physics.nist.gov/PhysRefData/XrayTrans/Html/search.html},
urldate = {2021-04-20},
title = {X-Ray Transition Energies Database},
year = {2021},
}
@online{AP04,
  url = {https://physics.nist.gov/cgi-bin/XrayTrans/search.pl?element=Cu&trans=Kedge&units=eV},
  urldate = {2021-05-09},
  title = {X-Ray Transition Energies Database},
  organization = {National Instituts of Standards and Technology},
}