@manual{AP01,
  title = {Versuchsanleitung zu Versuch Nr. 203 Verdampfungswärme},
  year  = 2020,
  organization = {Fakultät Physik, TU Dortmund},
  }

@online{AP02,
url={https://physik.cosmos-indirekt.de/Physik-Schule/Verdampfungsw%C3%A4rme},
urldate={2020-12-03},
title={Verdampfungswärme},
year={2020},
}

@online{AP03,
url={https://www.energie-lexikon.info/verdampfungswaerme_und_kondensationswaerme.html},
urldate={2020-12-03},
title={Verdampfungswärme und Kondensationswärme},
year={2020},
}

@online{AP04,
url={https://www.gemu-group.com/fileadmin/user_upload/DownloadSupport/Wissensportal/GEM%C3%9C_Dampfdrucktabelle_de.pdf},
urldate={2020-12-03},
title={Dampfdrucktabelle (Wasser)},
year={2020},
}