@manual{AP01,
  title = {Versuchsanleitung zu Versuch Nr. 603 Der Compton-Effekt},
  year  = 2021,
  organization = {Fakultät Physik, TU Dortmund},
}
@manual{AP02,
  title = {Messdaten und Hinweise zum Versuch Compton-Effekt},
  year  = 2021,
  organization = {Fakultät Physik, TU Dortmund},
}
@online{AP03,
url = {https://physics.nist.gov/PhysRefData/XrayTrans/Html/search.html},
urldate = {2021-04-20},
title = {X-Ray Transition Energies Database},
year = {2021},
}
@online{AP04,
url = {https://www.chemie.de/lexikon/Compton-Wellenl%C3%A4nge.html},
urldate = {2021-04-20},
title = {Compton-Wellenlänge},
year = {2021},
}