@manual{AP01,
  title = {Versuchsanleitung zu Versuch Nr. 204 Wärmeleitung von Metallen},
  year  = 2021,
  organization = {Fakultät Physik, TU Dortmund},
}
