@manual{AP01,
  title = {Versuchsanleitung zu Versuch Nr. 400 Reflexion, Brechung und Beugung},
  year  = 2021,
  organization = {Fakult√§t Physik, TU Dortmund},
  }